
@MastersThesis{ProvingTypeClassLawsInHaskell,
  author  = {Andreas Arvidsson and Robin Touche},
  title   = {{Proving Type Class Laws in Haskell}},
  school  = {Chalmers University of Technology, University of Gothenburg},
  address = {Gothenburg, Sweden},
  year    = {2016},
}

@article{TypeClassesInHaskell,
 author     = {Hall, Cordelia V. and Hammond, Kevin and Peyton Jones, Simon L. and Wadler, Philip L.},
 title      = {Type Classes in Haskell},
 journal    = {ACM Trans. Program. Lang. Syst.},
 issue_date = {March 1996},
 volume     = {18},
 number     = {2},
 month      = mar,
 year       = {1996},
 issn       = {0164-0925},
 pages      = {109--138},
 numpages   = {30},
 url        = {http://doi.acm.org/10.1145/227699.227700},
 doi        = {10.1145/227699.227700},
 acmid      = {227700},
 publisher  = {ACM},
 address    = {New York, NY, USA},
 keywords   = {Haskell, functional programming, type classes, types},
}

@inproceedings{AdHocPolymorphism,
 author    = {Wadler, P. and Blott, S.},
 title     = {How to Make Ad-hoc Polymorphism Less Ad Hoc},
 booktitle = {Proceedings of the 16th ACM SIGPLAN-SIGACT Symposium on Principles of Programming Languages},
 series    = {POPL '89},
 year      = {1989},
 isbn      = {0-89791-294-2},
 location  = {Austin, Texas, USA},
 pages     = {60--76},
 numpages  = {17},
 url       = {http://doi.acm.org/10.1145/75277.75283},
 doi       = {10.1145/75277.75283},
 acmid     = {75283},
 publisher = {ACM},
 address   = {New York, NY, USA},
}

@inproceedings{QuickCheck,
 author = {Claessen, Koen and Hughes, John},
 title = {QuickCheck: A Lightweight Tool for Random Testing of Haskell Programs},
 booktitle = {Proceedings of the Fifth ACM SIGPLAN International Conference on Functional Programming},
 series = {ICFP '00},
 year = {2000},
 isbn = {1-58113-202-6},
 pages = {268--279},
 numpages = {12},
 url = {http://doi.acm.org/10.1145/351240.351266},
 doi = {10.1145/351240.351266},
 acmid = {351266},
 publisher = {ACM},
 address = {New York, NY, USA},
} 

@inproceedings{TCImplicits,
 author = {Oliveira, Bruno C.d.S. and Moors, Adriaan and Odersky, Martin},
 title = {Type Classes As Objects and Implicits},
 booktitle = {Proceedings of the ACM International Conference on Object Oriented Programming Systems Languages and Applications},
 series = {OOPSLA '10},
 year = {2010},
 isbn = {978-1-4503-0203-6},
 location = {Reno/Tahoe, Nevada, USA},
 pages = {341--360},
 numpages = {20},
 url = {http://doi.acm.org/10.1145/1869459.1869489},
 doi = {10.1145/1869459.1869489},
 acmid = {1869489},
 publisher = {ACM},
 address = {New York, NY, USA},
 keywords = {abstract datatypes, c++ concepts, scala, type classes},
} 

